
@article{aw2011,
Author = {Aw, Bee Yan and Roberts, Mark J. and Xu, Daniel Yi},
Title = {R\&D Investment, Exporting, and Productivity Dynamics},
Journal = {American Economic Review},
Volume = {101},
Number = {4},
Year = {2011},
Month = {June},
Pages = {1312-44},
DOI = {10.1257/aer.101.4.1312},
URL = {http://www.aeaweb.org/articles?id=10.1257/aer.101.4.1312}}